@article{Adams_et_al_2014,
  title = { Identity in descriptions of others across ethnic groups in South Africa},
  doi = {10.1177/0022022114542466},
  language = {en},
  author = {Adams, Byron G. and Van de Vijver, Fons J.R. and {de} Bruin, Gideon P. and Bueno Torres, Cynthia},
  journal = {Journal of Cross-Cultural Psychology },
  volume = {45}, 
  number = {9},
  year = {2014},
  pages = {1411-1433},
}

@article{Albers_and_Lakens_2018,
  title = {When power analyses based on pilot data are biased: Inaccurate effect size estimators and follow-up bias},
  doi = {10.1016/j.jesp.2017.09.004},
  language = {en},
  author = { Albers, C. and Lakens, D.},
  journal = { Journal of Experimental Social Psychology},
  volume = {74},
   year = {2018},
  pages = {187-195},
}

@article{Beilmann_et_al_2014,
title = {The relationship between adolescents' social capital and individualism-collectivism in Estonia, Germany, and Russia},
doi = {10.1007/s12187-014-9232-z},
  language = {en},
  author = {Beilmann, M. and Mayer, B. and Kasearu, K. and Realo, A.},
  journal = { Child Indicators Research },
  volume = {7},
  number = {3},
  year = {2014},
  pages = {589-611},
}

@article{Bradley_1978,
  title = { Robustness?},
  doi = {10.1111/j.2044-8317.1978.tb00581.x},
  language = {en},
  author = { Bradley, J. V.},
  journal = {British Journal of Mathematical and Statistical Psychology},
  volume = {31},
  number = {2},
  year = {1978},
  pages = {144-152},
}

@article{Brown_and_Forsythe_1974,
  title = {Robust tests for the equality of variances},
  doi = {10.2307/2285659},
  language = {en},
  author = {Brown, M. B. and Forsythe, A. B.},
  journal = {Journal of the American Statistical Association },
  volume = {69},
  number = {346},
  year = {1974},
  pages = {364-367},
}

@article{Bryk_and_Raudenbush_1988,
  title = { Heterogeneity of variance in experimental studies: A challenge to conventional interpretations },
  doi = {10.1037/0033-2909.104.3.396},
  language = {en},
  author = { Bryk, Anthony S. and Raudenbush, Stephen W.},
  journal = { Psychological Bulletin },
  volume = {104},
  number = {3},
  year = {1988},
  pages = {396-404},
}

@article{Cain_et_al_2016,
  title = {Univariate and multivariate skewness and kurtosis for measuring nonnormality: Prevalence, influence and estimation},
  doi = {10.3758/s13428-016-0814-1},
  language = {en},
  author = { Cain, M. K. and Zhang, Z. and Yuan, Ke-Hai},
  journal = { Behavior Research Methods },
  volume = {49},
  number = {5},
  year = {2017},
  pages = {1716-1735},
}

@article{Church_et_al_2012,
  title = {Cultural differences in implicit theories and self-perceptions of traitedness: Replication and extension with alternative measurement formats and cultural dimensions },
  doi = {10.1177/0022022111428514},
  language = {en},
  author = {Church, A. Timothy and Willmore, Stephanie L. and Anderson, Adisa T. and Ochiai, Masayuki and Porter, Noriko and Mateo, Ni\~{n}o Jose and Reyes, Jose Alberto S. and Vargas-Flores, Jos\'{e} de Jes\'{u}s and Ib\'{a}\~{n}ez-Reyes, Joselina and Alvarez, Juan M. and Katigbak, Marcia S. and Ortiz, Fernando A.},
  journal = {Journal of Cross-Cultural Psychology},
  volume = {43},
  number = {8},
  year = {2012},
  pages = {1268-1296},
}

@article{Cohen_and_Hill_2007,
  title = { Religion as culture: Religious individualism and collectivism among American Catholics, Jews, and Protestants },
  doi = {10.1111/j.1467-6494.2007.00454.x },
  language = {en},
  author = { Cohen, A. B. and Hill, P. C.},
  journal = { Journal of Personality},
  volume = {75},
  number = {4},
  year = {2007},
  pages = {709-742},
}
@article{DeCarlo_1997,
  title = {On the meaning and use of kurtosis},
  doi = {10.1037//1082-989x.2.3.292},
  language = {en},
  author = {DeCarlo, Lawrence T.},
  journal = {Psychological Methods},
  volume = {2},
  number = {3},
  year = {1997},
  pages = {292-307},
}

@article{Delacre_et_al_2017,
  title = {Why Psychologists Should by Default Use Welch's t-test Instead of Student's t-test},
  doi = {10.5334/irsp.82},
  language = {en},
  author = {Delacre, M. and Lakens, D. and Leys, C.},
  journal = { International Review of Social Psychology },
  volume = {30},
  number = {1},
  year = {2017},
  pages = {92-101},
}

@article{Erceg-Hurn_Mirosevich_2008,
  title = {Modern robust statistical methods: An easy way to maximize the accuracy and power of your research},
  doi = {10.1037/0003-066X.63.7.591},
  language = {en},
  author = {Erceg-Hurn, David M. and Mirosevich, Vikki M.},
  journal = {American Psychologist},
  volume = {63},
  number = {7},
  year = {2008},
  pages = {591-601},
}

@article{Ghasemi_Zahediasl_2012,
  title = {Normality tests for statistical analysis: A guide for non-Statisticians},
  doi = {10.5812/ijem.3505},
  language = {en},
  author = { Ghasemi, A. and Zahediasl, S.},
  journal = {International Journal of Endocrinology and Metabolism},
  volume = {10},
  number = {2},
  year = {2012},
  pages = {486 489},
}

@article{Glass_et_al_1972,
  title = {Consequences of failure to meet assumptions underlying the fixed effects analyses of variance and covariance},
  doi={10.3102/00346543042003237}, 
  language = {en},
  author = {Glass, G. V. and Peckham, P. D. and Sanders, J. R.},
  journal = {Review of Educational Research},
  volume = {42},
  number = {3},  
  year = {1972},
  pages = {237-288},
}

@article{Green_et_al_2005,
  title = { Variation of individualism and collectivism within and between 20 countries: A typological analysis },
  doi = {10.1177/0022022104273654},
  language = {en},
  author = { Green, Eva G.T. and Deschamps, Jean-Claure and P\'{a}ez, D.},
  journal = { Journal of cross-cultural psychology },
  volume = {36},
  number = {3},
  year = {2005},
  pages = {321-339},
}

@article{Grissom_2000,
  title = {Heterogeneity of variance in clinical data},
  doi = {10.1037//0022-006x.68.1.155},
  language = {en},
  author = {Grissom, R.J.},
  journal = {Journal of consulting and clinical psychology},
  volume = {68},
  number = {1},
  year = {2000},
  pages = {155-165},
}

@article{Haar_et_al_2014,
  title = {Outcomes of work-life balance on job satisfaction, life satisfaction and mental health: A study across seven cultures},
  doi = {10.1016/j.jvb.2014.08.010},
  language = {en},
  author = {Haar, J. M. and Russo, M. and Su\~{n}e, A. and Ollier-Malaterre, A.},
  journal = {Journal of Vocational Behavior },
  volume = {85},
  number = {3},
  year = {2014},
  pages = {361-373},
}

@article{Henrich_et_al_2010,
  title = { Most people are not WEIRD },
  doi = {10.1038/466029a },
  language = {en},
  author = { Henrich, J. and Heine, S. J. and Norenzayan, A.},
  journal = {Nature},
  volume = {466},
  year = {2010},
  pages = {29-29},
}
 
@article{Heun_et_al_1999,
  title = { Internal and external validity of the WHO Well-Being Scale in the elderly general population},
  doi = {10.1111/j.1600-0447.1999.tb00973.x },
  language = {en},
  author = {Heun, R. and Burkart, M. and Maier, W. and Bech, P.},
  journal = {Acta Psychiatrica Scandinavica},
  volume = {99},
  number = {3},
  year = {1999},
  pages = {171-178},
}

@article{Hoekstra_et_al_2012,
  title = {Are assumptions of well-known statistical techniques checked, and why (not)?},
  doi = {10.3389/fpsyg.2012.00137},
  language = {en},
  author = {Hoekstra, R. and Kiers, H. A. and Johnson, A.},
  journal = {Frontiers in psychology},
  volume = {3},
  number={137},
  year = {2012},
  pages={1-9},
}

@article{Koeser_and_Sczesny_2014,
  title = {Promoting gender-fair language: The impact of arguments on language use, attitudes, and cognitions},
  doi = {10.1177/0261927x14541280},
  language = {en},
  author = {Koeser, S. and Sczesny, S.},
  journal = {Journal of Language and Social Psychology},
  volume = {33},
  number = {5},
  year = {2014},
  pages = {548-560},
}

@article{Leys_et_al_2013,
  title = {Detecting outliers: Do not use standard deviation around the mean, use absolute deviation around the median},
  doi = {10.1016/j.jesp.2013.03.013},
  language = {en},
  author = {Leys, C. and Ley, C. and Klein, O. and Bernard, P. and Licata, L.},
  journal = {Journal of Experimental Social Psychology},
  volume = {49},
  number = {4},
  year = {2013},
  pages = {764-766},
}

@article{Leys_Schumann_2010,
  title = {A nonparametric method to analyze interactions: The adjusted rank transform test},
  doi={10.1016/j.jesp.2010.02.007},
  language = {en},
  author = {Leys, C. and Schumann, S.},
  journal = {Journal of Experimental Social Psychology},
  volume = {46},
  number = {4},
  year = {2010},
  pages = {684-688},
}

@article{Lix_Keselman_Keselman_1996,
  title = {Consequences of Assumption Violations Revisited: A Quantitative Review of Alternatives to the One-Way Analysis of Variance *F* Test},
  doi = {10.3102/00346543066004579},
  language = {en},
  author = {Lix, Lisa M. and Keselman, Joanne C. and Keselman, H.J.},
  journal = {Review of educational research},
  volume = {66},
  number = {4},
  year = {1996},
  pages = {579-619},
}

@article{Micceri_1989,
  title = {The Unicorn, The Normal Curve, and  Other Improbable Creatures},
  doi={10.1037/0033-2909.105.1.156},
  language = {en},
  author = {Micceri, Theodore},
  journal = {Psychological Bulletin},
  volume = {105},
  number = {1},
  year = {1989},
  pages = {156-166},
}

@article{Montoya_Briggs_2013,
  title = {Shared ethnicity effects on service encounters: A study across three US subcultures},
  doi = {10.1016/j.jbusres.2011.08.011},
  language = {en},
  author = {Montoya, D. Y. and Briggs, E.},
  journal = {Journal of Business Research},
  volume = {66},
  number = {3},
  year = {2013},
  pages = {314-320},
}

@article{Nimon_2012,
  title = {Statistical assumptions of substantive analyses across the general linear model: A mini-review},
  doi = {10.3389/fpsyg.2012.00322},
  language = {en},
  author = {Nimon, K. F.},
  journal = {Frontiers in psychology},
  volume = {3},
  number= {322},
  year = {2012},
  pages = {1-5},
}

@article{Overall_et_al_1995,
  title = {Tests that are robust against variance heterogeneity in k x 2 designs with unequal cell frequencies},
  doi = {10.2466/pr0.1995.76.3.1011},
  language = {en},
  author = {Overall, J. E. and Atlas, R. S. and Gibson, J. M.},
  journal = {Psychological Reports},
  volume = {76},
  number = {3},
  year = {1995},
  pages = {1011-1017},
}

@article{Oztuna_et_al_2006,
  title = {Investigation of four different normality tests in terms of Type I error rate and power under different distributions},
  language = {en},
  author = {\"Oztuna, D. and Elhan, A. H. and T\"uccar, E.},
  journal = {Turkish Journal of Medical Sciences},
  volume = {36},
  number = {3},
  year = {2006},
  pages = {171-176},
}

@article{Palmer_et_al_2011,
  title = { What are the shapes of response time distributions in visual search?},
  doi = {10.1037/a0020747},
  language = {en},
  author = {Palmer, E. M. and Horowitz, T. S. and Torralba, A. and Wolfe, J. M.},
  journal = {Journal of Experimental Psychology: Human Perception and Performance},
  volume = {37},
  number = {1},
  year = {2011},
  pages = {58-71},
}

@article{Rasch_et_al_2011,
  title = {The two-sample t test: Pre-testing its assumptions does not pay off},
  doi = {10.1007/s00362-009-0224-x},
  language = {en},
  author = {Rasch, D. and Kubinger, K. D. and Moder, K},
  journal = {Statistical Papers},
  volume = {52},
  number = {1},
  year = {2011},
  pages = {219-231},
}

@article{Ruxton_2006,
  title = { The unequal variance *t*-test is an underused alternative to Student's *t*-test and the Mann-Whitney *U* test },
  doi = {10.1093/beheco/ark016},
  language = {en},
  author = { Ruxton, G. D.},
  journal = { Behavioral Ecology },
  volume = {17},
  number = {4},
  year = {2006},
  pages = {688-690},
}

@article{Schneider_and_Penfield_1997,
  title = {Alexander and Govern's approximations: Providing an alternative to ANOVA under variance heterogeneity},
  doi = {10.1080/00220973.1997.9943459},
  language = {en},
  author = { Schneider, Pamela J. and Penfield, Douglas A.},
  journal = { The Journal of Experimental Education},
  volume = {65},
  number = {3},
  year = {1997},
  pages = {271-286},
}

@article{Tomarken_and_Serlin_1986,
  title = { Comparison of ANOVA alternatives under variance heterogeneity and specific noncentrality structures},
  doi = {10.1037//0033-2909.99.1.90},
  language = {en},
  author = {Tomarken, A. J. and Serlin, R. C.},
  journal = { Psychological Bulletin },
  volume = {99},
  number = {1},
  year = {1986},
  pages = {90-99},
}

@article{Wasserman_and_Weseley_2009,
  title = { ?'Qu\'e? Quoi? Do languages with grammatical gender promote sexist attitudes?},
  doi = {10.1007/s11199-009-9696-3},
  language = {en},
  author = {Wasserman, B. D. and Weseley, A. J.},
  journal = {Sex Roles},
  volume = {61},
  year = {2009},
  pages = {634-643},
}

@article{Welch_1951,
  title = { On the comparison of several mean values: An alternative approach },
  doi = {10.2307/2332579},
  language = {en},
  author = {Welch, B. L.},
  journal = { Biometrika },
  volume = {38},
  number = {3/4},
  year = {1951},
  pages = {330-336},
}

@article{Wilcox_1998,
  title = { How many discoveries have been lost by ignoring modern statistical methods?},
  doi = {10.1037/0003-066x.53.3.300},
  language = {en},
  author = { Wilcox, R. R.},
  journal = { American Psychologist },
  volume = {53},
  number = {3},
  year = {1998},
  pages = {300-314},
}

@article{Wilcox_et_al_2013,
  title = { Modern robust statistical methods: Basics with illustrations using psychobiological data},
  doi = {10.13189/ujp.2013.010201},
  language = {en},
  author = { Wilcox, R. R. and Granger, D. A. and Clark, F.},
  journal = {Universal Journal of Psychology},
  volume = {1},
  number = {2},
  year = {2013},
  pages = {21-31},
}

@article{Yuan_et_al_2004,
  title = { Structural equation modeling with heavy tailed distributions },
  doi = {10.1007/bf02295644},
  language = {en},
  author = { Yuan, K-H. and Bentler, P. M. and Chan, W.},
  journal = { Psychometrika },
  volume = {69},
  number = {3},
  year = {2004},
  pages = {421-436},
}
 
@article{Zimmerman_2004,
  title = {A note on preliminary tests of equality of variances},
  doi = {10.1348/000711004849222},
  language = {en},
  author = {Zimmerman, D. W.},
  journal = { British Journal of Mathematical and Statistical Psychology },
  volume = {57},
  number = {1},
  year = {2004},
  pages = {173-181},
}

@book{Cohen_1988,
  address = { Hilsdale. NJ },
  edition = { Lawrence Earlbaum Associates },
  title = { Statistical power analysis for the behavioral sciences},
  author = {Cohen, J.},
  year = {1988},
}

@book{Cohen_et_al_2013,
  address = {Mahwah, NJ},
  edition = {Erlbaum},
  title = {Applied multiple regression/correlation analysis for the behavioural sciences},
  author = {Cohen, J. and Cohen, P. and West, S. G. and Aiken, L. S.},
  year = {2013},
}

@book{Cumming_2013,
 address = {New York, NY},
 edition = {Routledge},
  title = {Understanding the new statistics: Effect sizes, confidence intervals, and meta-analysis },
author = {Cumming, G},
year = {2005},
}

@book{Field_2013,
  address = {London, UK},
  edition = {Sage},
  title = {Discovering statistics using IBM SPSS statistics},
  author = {Field, A},
  year = {2013},
}

@book{Howell_2012,
  address = {Australia},
  edition = {Thomson/Wadsworth},
  title = {Statistical methods for psychology},
  author = {Howell, D},
  year = {2012},
}
 
@book{Keppel_and_Wickens_2004,
 address = {Upper Saddle River , New Jersey},
 edition = {Prentice Hall},
  title = {Design and analysis: A researcher's handbook },
author = {Keppel, G. and Wickens, T. D.},
year = {2004},
}

@book{Thode_2002,
  address = {New York, NY},
  edition = {Marcel Dekker},
  title = {Testing for normality},
  author = {Thode, H. C.},
  year = {2002},
}

@book{Wilcox_2011,
  address = {Cambridge, Massachusetts, US},
  edition = {Academic Press},
  title = { Introduction to Robust Estimation and Hypothesis Testing},
  author = {Wilcox, R. R.},
  year = {2011},
}
@Manual{R-base,
  title = {R: A Language and Environment for Statistical Computing},
  author = {{R Core Team}},
  organization = {R Foundation for Statistical Computing},
  address = {Vienna, Austria},
  year = {2018},
  url = {https://www.R-project.org/},
}
@Manual{R-papaja,
  author = {Frederik Aust and Marius Barth},
  title = {{papaja}: {Create} {APA} manuscripts with {R Markdown}},
  year = {2018},
  note = {R package version 0.1.0.9842},
  url = {https://github.com/crsh/papaja},
}
